% ------------------------------------------------------------------------
% My papers
% ------------------------------------------------------------------------

@article{manousakas2018quantifying,
  title={Quantifying privacy loss of human mobility graph topology},
  author={Manousakas, Dionysis and Mascolo, Cecilia and Beresford, Alastair R and Chan, Dennis and Sharma, Nikhil},
  journal={Proceedings on Privacy Enhancing Technologies},
  volume={2018},
  number={3},
  pages={5--21},
  year={2018},
  publisher={Sciendo}
}

@article{psvi,
	title={Bayesian Pseudocoresets},
	author={Manousakas, Dionysis  and Xu, Zuheng David and Mascolo, Cecilia and Campbell, Trevor},
	journal={arXiv},
	year={2020}
}

@article{beta-cores,
	title={$\beta$-Cores: Robust Large-Scale Bayesian Data Summarization in the Presence of Outliers},
	author={Dionysis Manousakas and Cecilia Mascolo},
	year={2020},
	journal={arXiv:2008.13600},
}

@article{countering,
	title={Countering Acoustic Adversarial Attacks in Microphone-equipped Smart Home Devices},
	author={Bhattacharya, Sourav and Manousakas, Dionysis and Ramos, Alberto Gil CP and Venieris, Stylianos I and Lane, Nicholas D and Mascolo, Cecilia},
	journal={Proceedings of the ACM on Interactive, Mobile, Wearable and Ubiquitous Technologies},
	volume={4},
	number={2},
	pages={1--24},
	year={2020},
	publisher={ACM New York, NY, USA}
}


% ------------------------------------------------------------------------
% Chapter 6
% ------------------------------------------------------------------------


@incollection{balle18,
	title = {Privacy Amplification by Subsampling: Tight Analyses via Couplings and Divergences},
	author = {Balle, Borja and Barthe, Gilles and Gaboardi, Marco},
	booktitle = {Advances in Neural Information Processing Systems},
	year = {2018},
}

@misc{bachem17,
	title={Practical Coreset Constructions for Machine Learning},
	author={Olivier Bachem and Mario Lucic and Andreas Krause},
	year={2017},
	eprint={1703.06476},
	archivePrefix={arXiv},
}

@inproceedings{li12,
	title={On sampling, anonymization, and differential privacy or, $k$-anonymization meets differential privacy},
	author={Li, Ninghui and Qardaji, Wahbeh and Su, Dong},
	booktitle={Proceedings of the 7th ACM Symposium on Information, Computer and Communications Security},
	pages={32--33},
	year={2012}
}

@inproceedings{beimel13,
	title={Characterizing the sample complexity of private learners},
	author={Beimel, Amos and Nissim, Kobbi and Stemmer, Uri},
	booktitle={Proceedings of the 4th conference on Innovations in Theoretical Computer Science},
	pages={97--110},
	year={2013}
}

@inproceedings{mirzasoleiman17,
	title={Deletion-robust submodular maximization: Data summarization with “the right to be forgotten”},
	author={Mirzasoleiman, Baharan and Karbasi, Amin and Krause, Andreas},
	booktitle={International Conference on Machine Learning},
	year={2017}
}

@incollection{ginart19,
	title = {Making AI Forget You: Data Deletion in Machine Learning},
	author = {Ginart, Antonio and Guan, Melody and Valiant, Gregory and Zou, James Y},
	booktitle = {Advances in Neural Information Processing Systems},
	year = {2019},
}

@inproceedings{li19,
	title={Thinning for Accelerating the Learning of Point Processes},
	author={Li, Tianbo and Ke, Yiping},
	booktitle={Advances in Neural Information Processing Systems},
	year={2019}
}


% ------------------------------------------------------------------------
% Chapter 3
% ------------------------------------------------------------------------

@incollection{aggarwal2008,
  author = {Aggarwal, Charu C. and Yu, Philip S.},
  title = {A General Survey of Privacy-Preserving Data Mining Models and Algorithms},
  volume = 34,
  year = 2008
}


@article{Agir,
	title={On the privacy implications of location semantics},
	author={A{\u{g}}{\i}r, Berker and Huguenin, K{\'e}vin and Hengartner, Urs and Hubaux, Jean-Pierre},
	journal={Proceedings on Privacy Enhancing Technologies},
	volume={2016},
	number={4},
	year={2016},
	publisher={Sciendo}
}


@inproceedings{Beyer,
  author = {Beyer, Kevin S. and Goldstein, Jonathan and Ramakrishnan, Raghu and Shaft, Uri},
  title = {When Is ''Nearest Neighbor'' Meaningful?},
  booktitle = {Proceedings of the 7th International Conference on Database Theory},
  year = {1999},
  publisher = {Springer-Verlag},
}

@inproceedings{Bogdanov2011,
 author = {Bogdanov, Petko and Mongiov\`{i}, Misael and Singh, Ambuj K.},
 title = {Mining Heavy Subgraphs in Time-Evolving Networks},
 booktitle = {Proceedings of the 11th IEEE International Conference on Data Mining},
 year = {2011},
 numpages = {10},
}

@inproceedings{borgwardt2005,
  author = {Borgwardt, Karsten M. and Kriegel, Hans-Peter},
  booktitle = {Proceedings of the Fifth IEEE International Conference on Data Mining},
  title = {Shortest-Path Kernels on Graphs},
  year = 2005
}

@article{DeMontjoye2013,
author = {de Montjoye, Yves-Alexandre and Hidalgo, C{\'{e}}sar A. and Verleysen, Michel and Blondel, Vincent D.},
journal = {Scientific reports},
title = {{Unique in the Crowd: The privacy bounds of human mobility.}},
volume = {3},
year = {2013}
}

@inproceedings{deMulder08,
  author    = {De Mulder, Yoni and Danezis, George and Batina, Lejla and Preneel, Bart},
  title     = {Identification via location-profiling in {GSM} networks},
  booktitle = {Proceedings of the 2008 {ACM} Workshop on Privacy in the Electronic
               Society},
  year      = {2008},
}

@inproceedings{dwork2006calibrating,
  title={Calibrating noise to sensitivity in private data analysis},
  author={Dwork, Cynthia and McSherry, Frank and Nissim, Kobbi and Smith, Adam},
  booktitle={Theory of Cryptography Conference},
  pages={265--284},
  year={2006},
  organization={Springer}
}

@article{Gambs2014,
 author = {Gambs, S{\'e}bastien and Killijian, Marc-Olivier and N\'{u}\~{n}ez Del Prado Cortez, Miguel},
 title = {De-anonymization Attack on Geolocated Data},
 journal = {J. Comput. Syst. Sci.},
 volume = {80},
 year = {2014},
 publisher = {Academic Press, Inc.},
}

@inproceedings{Golle2009,
title={On the anonymity of home/work location pairs},
author={Golle, Philippe and Partridge, Kurt},
booktitle={International Conference on Pervasive Computing},
year={2009},
organization={Springer}
}

@inproceedings{Gruteser,
  author = {Gruteser, Marco and Grunwald, Dirk},
  title = {Anonymous Usage of Location-Based Services Through Spatial and Temporal Cloaking},
  booktitle = {Proceedings of the 1st International Conference on Mobile Systems, Applications and Services},
  year = {2003},
  numpages = {12},
  publisher = {ACM},
}

@techreport{haussler,
  title={Convolution kernels on discrete structures},
  author={Haussler, David},
  year={1999},
  institution={Technical report, Department of Computer Science, University of California at Santa Cruz}
}


@article{kang2005extracting,
author = {Kang, Jong Hee and Welbourne, William and Stewart, Benjamin and Borriello, Gaetano},
journal = {ACM SIGMOBILE Mobile Computing and Communications Review},
title = {{Extracting places from traces of locations}},
volume = {9},
year = {2005}
}


@inproceedings{Laurila,	
	 title	= {The mobile data challenge: Big data for mobile computing research},	
	booktitle	= {Pervasive Computing},	
	author	= {Laurila, Juha K. and Gatica-Perez, Daniel and Aad, Imad and Bornet, Olivier and Do, Trinh-Minh-Tri and Dousse, Olivier and Eberle, Julien and Miettinen, Markus and others},	
	year	= {2012}
}

@inproceedings{li2007,
  title={$t$-closeness: Privacy beyond $k$-anonymity and $l$-diversity},
  author={Li, Ninghui and Li, Tiancheng and Venkatasubramanian, Suresh},
  booktitle={Data Engineering, IEEE 23rd International Conference on},
  year={2007},
}

@inproceedings{LinMobile,
  author    = {Miao Lin and
  Hong Cao and
  Vincent W. Zheng and
  Kevin Chen{-}Chuan Chang and
  Shonali Krishnaswamy},
  title     = {Mobile user verification/identification using statistical mobility
  profile},
  booktitle = {2015 International Conference on Big Data and Smart Computing},
  year      = {2015},
}

@article{Machanavajjhala2007,
  author = {Machanavajjhala, Ashwin and Kifer, Daniel and Gehrke, Johannes and Venkitasubramaniam, Muthuramakrishnan},
  title = {$l$-diversity: Privacy Beyond $k$-anonymity},
  journal = {ACM Trans. Knowl. Discov. Data},
  year = {2007},
  publisher = {ACM},
}

@article{McKay,
  title = {Practical graph isomorphism, II },
  journal = {Journal of Symbolic Computation },
  volume = {60},
  pages = {94 - 112},
  year = {2014},
  author = {Brendan D. McKay and Adolfo Piperno}
}

@article{mikolov2013efficient,
  title={Efficient estimation of word representations in vector space},
  author={Mikolov, Tomas and Chen, Kai and Corrado, Greg and Dean, Jeffrey},
  journal={arXiv preprint arXiv:1301.3781},
  year={2013}
}

@inproceedings{Morse16,
  author    = {Steven Morse and
               Marta C. Gonzalez and
               Natasha Markuzon},
  title     = {Persistent cascades: Measuring fundamental communication structure
               in social networks},
  booktitle = {2016 {IEEE} International Conference on Big Data},
  year      = {2016},
}

@article{Naini2016a,
author = {Naini, Farid M and Unnikrishnan, Jayakrishnan and Thiran, Patrick and Vetterli, Martin},
journal = {IEEE Transactions on Information Forensics and Security},
number = {2},
title = {Where You Are Is Who You Are: User Identification by Matching Statistics},
volume = {11},
year = {2016}
}

@inproceedings{Narayanan2008,
 author = {Narayanan, Arvind and Shmatikov, Vitaly},
 title = {Robust De-anonymization of Large Sparse Datasets},
 booktitle = {29th IEEE Symposium on Security and Privacy},
 year = {2008},
 numpages = {15},
}

@inproceedings{narayanan2009anonymizing,
  title={De-anonymizing social networks},
  author={Narayanan, Arvind and Shmatikov, Vitaly},
  booktitle={30th IEEE Symposium on Security and Privacy},
  year={2009},
}

@article{olejnik14,
  author    = {Lukasz Olejnik and
               Claude Castelluccia and
               Artur Janc},
  title     = {On the uniqueness of Web browsing history patterns},
  journal   = {Annales des T{\'{e}}l{\'{e}}communications},
  volume    = {69},
  year      = {2014},
}

@MISC{anon_terminology,
  author = {Pfitzmann, Andreas and Hansen, Marit},
  title = {A terminology for talking about privacy by data minimization:
  Anonymity, Unlinkability, Undetectability, Unobservability,
  Pseudonymity, and Identity Management},
  year = {2010},
}

@article{pyrgelis2017does,
  title={What Does The Crowd Say About You? {E}valuating Aggregation-based Location Privacy},
  author={Pyrgelis, Apostolos and Troncoso, Carmela and De Cristofaro, Emiliano},
  journal={Proceedings on Privacy Enhancing Technologies},
  publisher = {Sciendo},
  volume = {2017},
  number = {4},
  year={2017},
  pages={156--176},
}

@inproceedings{privacyAndTheCity,
  author    = {Luca Rossi and
  Matthew J. Williams and
  Christoph Stich and
  Mirco Musolesi},
  title     = {Privacy and the City: User Identification and Location Semantics in
  Location-Based Social Networks},
  booktitle = {Proceedings of the Ninth International Conference on Web and Social Media},
  year      = {2015},
}

@inproceedings{scholtes2017network,
 author = {Scholtes, Ingo},
 title = {When is a Network a Network?: Multi-Order Graphical Model Selection in Pathways and Temporal Networks},
 booktitle = {Proceedings of the 23rd International Conference on Knowledge Discovery and Data Mining},
 year = {2017},
 numpages = {10},
}

@inproceedings{sharad2014,
 author = {Sharad, Kumar and Danezis, George},
 title = {An Automated Social Graph De-anonymization Technique},
 booktitle = {Proceedings of the 13th Workshop on Privacy in the Electronic Society},
 year = {2014},
 publisher = {ACM},
}

@article{Shervashidze2011,
author = {Shervashidze, Nino and Schweitzer, Pascal and Leeuwen, Van and Jan, Erik and Mehlhorn, Kurt and Borgwardt, Karsten},
journal = {Journal of Machine Learning Research},
keywords = {Theory {\&} Algorithms},
pages = {2539--2561},
title = {{Weisfeiler-Lehman graph kernels}},
volume = {12},
year = {2011}
}

@inproceedings{shokri2010,
  title={Unraveling an old cloak: $k$-anonymity for location privacy},
  author={Shokri, Reza and Troncoso, Carmela and Diaz, Claudia and Freudiger, Julien and Hubaux, Jean-Pierre},
  booktitle={Proceedings of the 9th annual ACM workshop on Privacy in the electronic society},
  year={2010},
  organization={ACM}
}

@article{sweeney2002k,
  title={$k$-anonymity: A model for protecting privacy},
  author={Sweeney, Latanya},
  journal={International Journal of Uncertainty, Fuzziness and Knowledge-Based Systems},
  volume={10},
  number={05},
  pages={557--570},
  year={2002},
  publisher={World Scientific}
}

@article{Thoma2010,
author = {Thoma, Marisa and Cheng, Hong and Gretton, Arthur and Han, Jiawei and Kriegel, Hans Peter and Smola, Alex and Song, Le and Yu, Philip S. and Yan, Xifeng and Borgwardt, Karsten M.},
journal = {Statistical Analysis and Data Mining},
keywords = {Feature selection,Frequent subgraphs,Graph mining,Nested selection,Submodularity},
number = {5},
pages = {302--318},
title = {{Discriminative frequent subgraph mining with optimality guarantees}},
volume = {3},
year = {2010}
}

@article{Vishwanathan2010,
archivePrefix = {arXiv},
author = {Vishwanathan, S.V.N. and Schraudolph, Nicol and Kondor, Risi and Borgwardt, K.M.},
journal = {Journal of Machine Learning Research},
keywords = {()},
pages = {1201--1242},
title = {{Graph Kernels}},
volume = {11},
year = {2010}
}

@Inbook{Wagner2014,
author={Wagner, Daniel T.
and Rice, Andrew
and Beresford, Alastair R.},
title={Device Analyzer: Understanding Smartphone Usage},
bookTitle={Mobile and Ubiquitous Systems: Computing, Networking, and Services: 10th International Conference},
year={2014},
pages={195--208},
}

@article{weisfeiler1968reduction,
  title={A reduction of a graph to a canonical form and an algebra arising during this reduction},
  author={Weisfeiler, Boris and Lehman, AA},
  journal={Nauchno-Technicheskaya Informatsia},
  volume={2},
  number={9},
  pages={12--16},
  year={1968}
}

@inproceedings{Welke2016,
 author = {Welke, Pascal and Andone, Ionut and Blaszkiewicz, Konrad and Markowetz, Alexander},
 title = {Differentiating Smartphone Users by App Usage},
 booktitle = {Proceedings of the 2016 {ACM} International Joint Conference on Pervasive and Ubiquitous Computing},
}

@inproceedings{xu2017trajectory,
  title={Trajectory Recovery From Ash: User Privacy Is NOT Preserved in Aggregated Mobility Data},
  author={Xu, Fengli and Tu, Zhen and Li, Yong and Zhang, Pengyu and Fu, Xiaoming and Jin, Depeng},
  booktitle={Proceedings of the 26th International Conference on World Wide Web},
  year={2017},
}

@article{xu2016representing,
author = {Xu, Jian and Wickramarathne, Thanuka L. and Chawla, Nitesh V.},
journal = {Science Advances},
number = {5},
title = {{Representing higher-order dependencies in networks}},
volume = {2},
year = {2016}
}

@inproceedings{Yan2002,
 author = {Yan, Xifeng and Han, Jiawei},
 title = {g{S}pan: Graph-Based Substructure Pattern Mining},
 booktitle = {Proceedings of the 2002 IEEE International Conference on Data Mining},
}

@inproceedings{yanardagV15,
  author = {Yanardag, Pinar and Vishwanathan, S. V. N.},
  title = {Deep Graph Kernels},
  booktitle = {Proceedings of the 21th ACM International Conference on Knowledge Discovery and Data Mining},
  year = {2015},
}

@inproceedings{yen12,
author = {Yen, Ting-Fang and Xie, Yinglian and Yu, Fang and Yu, Roger (Peng) and Abadi, Martin},
title = {Host Fingerprinting and Tracking on the Web:Privacy and Security Implications},
booktitle = {The 19th Annual Network and Distributed System Security Symposium},
year = {2012},
publisher = {Internet Society},
}

@inproceedings{Zang2011,
 author = {Zang, Hui and Bolot, Jean},
 title = {Anonymization of Location Data Does Not Work: A Large-scale Measurement Study},
 booktitle = {Proceedings of the 17th Annual International Conference on Mobile Computing and Networking},
 year = {2011},
 publisher = {ACM},
}

@inproceedings{zheleva09,
  author    = {Elena Zheleva and Lise Getoor},
  title     = {To join or not to join: the illusion of privacy in social networks with mixed public and private user profiles},
  booktitle = {Proceedings of the 18th International Conference on World Wide Web},
  year      = {2009},
}


% ------------------------------------------------------------------------
% Chapter 4
% ------------------------------------------------------------------------

@inproceedings{huszar12,
	author = {Husz\'{a}r, Ferenc and Duvenaud, David},
	title = {Optimally-Weighted Herding is {B}ayesian Quadrature},
	year = {2012},
	booktitle = {Proceedings of the Twenty-Eighth Conference on Uncertainty in Artificial Intelligence},
}

@inproceedings{huggins20,
	title={Validated Variational Inference via Practical Posterior Error Bounds},
	author={Huggins, Jonathan and Campbell, Trevor and Kasprzak, Mikolaj and Broderick, Tamara},
	booktitle={International Conference on Artificial Intelligence and Statistics},
	year={2020}
}

@inproceedings{dwork06,
	author = {Dwork, Cynthia and McSherry, Frank and Nissim, Kobbi and Smith, Adam},
	title = {Calibrating Noise to Sensitivity in Private Data Analysis},
	booktitle = {Conference on Theory of Cryptography},
	year = {2006}
}

@inproceedings{balle18,
	title={Privacy amplification by subsampling: Tight analyses via couplings and divergences},
	author={Balle, Borja and Barthe, Gilles and Gaboardi, Marco},
	booktitle={Advances in Neural Information Processing Systems},
	year={2018}
}

@article{miller19,
	author = {Jeffrey W. Miller and David B. Dunson},
	title = {Robust {B}ayesian Inference via Coarsening},
	journal = {Journal of the American Statistical Association},
	volume = {114},
	number = {527},
	year  = {2019},
}

@inproceedings{tomczak18,
	author    = {Jakub M. Tomczak and
	Max Welling},
	title     = {{VAE} with a {V}amp{P}rior},
	booktitle = {International Conference on Artificial Intelligence and Statistics},
	year      = {2018},
}

@inproceedings{welling09,
	author = {Welling, Max},
	title = {Herding Dynamical Weights to Learn},
	year = {2009},
	booktitle = {Proceedings of the 26th Annual International Conference on Machine Learning},
	location = {Montreal, Quebec, Canada},
}

@inproceedings{chen10,
	author = {Chen, Yutian and Welling, Max and Smola, Alex},
	title = {Super-Samples from Kernel Herding},
	year = {2010},
	booktitle = {Proceedings of the Twenty-Sixth Conference on Uncertainty in Artificial Intelligence},
}

@article{duchi11,
	author  = {John Duchi and Elad Hazan and Yoram Singer},
	title   = {Adaptive Subgradient Methods for Online Learning and Stochastic Optimization},
	journal = {Journal of Machine Learning Research},
	year    = {2011},
	volume  = {12},
	number  = {61},
	pages   = {2121-2159},
}

@article{hoffman13,
	author  = {Matthew D. Hoffman and David M. Blei and Chong Wang and John Paisley},
	title   = {Stochastic Variational Inference},
	journal = {Journal of Machine Learning Research},
	year    = {2013},
	volume  = {14},
	pages   = {1303-1347},
}

@INPROCEEDINGS{boosting_and_dp,
	author={C. {Dwork} and G. N. {Rothblum} and S. {Vadhan}},
	booktitle={2010 IEEE 51st Annual Symposium on Foundations of Computer Science},
	title={Boosting and Differential Privacy},
	year={2010},
	volume={},
	number={},
	pages={51-60},
	month={Oct},
}

@InProceedings{kairouz15,
	title = 	 {The Composition Theorem for Differential Privacy},
	author = 	 {Peter Kairouz and Sewoong Oh and Pramod Viswanath},
	booktitle = 	 {Proceedings of the 32nd International Conference on Machine Learning},
	pages = 	 {1376--1385},
	year = 	 {2015},
	editor = 	 {Francis Bach and David Blei},
	volume = 	 {37},
	series = 	 {Proceedings of Machine Learning Research},
	address = 	 {Lille, France},
	month = 	 {07--09 Jul},
	publisher = 	 {PMLR},
	pdf = 	 {http://proceedings.mlr.press/v37/kairouz15.pdf},
	url = 	 {http://proceedings.mlr.press/v37/kairouz15.html},
}

@inproceedings{snelson05,
  author = {Edward Snelson and Zoubin Ghahramani},
  year = {2005},
  title = {Sparse {G}aussian processes using pseudo-inputs},
  booktitle = {Advances in Neural Information Processing Systems}}

@article{agarwal05,
	title={Geometric approximation via coresets},
	author={Agarwal, Pankaj K and Har-Peled, Sariel and Varadarajan, Kasturi R and others},
	journal={Combinatorial and computational geometry},
	volume={52},
	pages={1--30},
	year={2005},
	publisher={Cambridge University Press}
}

@inproceedings{huggins17,
  author = {Jonthan Huggins and Ryan Adams and Tamara Broderick},
  year = {2017},
  title = {{PASS-GLM}: polynomial approximate sufficient statistics for scalable {B}ayesian {GLM} inference},
  booktitle = {Advances in Neural Information Processing Systems}}

@article{guhaniyogi15,
  author = {Rajarshi Guhaniyogi and David Dunson},
  year = {2015},
  title = {Bayesian compressed regression},
  journal = {Journal of the American Statistical Association},
  volume = {110},
  number = {512}}

@article{braverman16,
   author = {Braverman, Vladimir and Feldman, Dan and Lang, Harry},
   title = {New frameworks for offline and streaming coreset constructions},
   year = {2016},
   journal = {arXiv:1612.00889}}

@inproceedings{bachem15,
author = {Bachem, Olivier and Lucic, Mario and Krause, Andreas},
title = {Coresets for nonparametric estimation---the case of {DP}-means},
booktitle = {International Conference on Machine Learning},
year = {2015}
}

@inproceedings{lucic16,
author = {Lucic, Mario and Bachem, Olivier and Krause, Andreas},
title = {{Strong coresets for hard and soft {B}regman clustering with applications to exponential family mixtures}},
booktitle = {International Conference on Artificial Intelligence and Statistics},
year = {2016}
}

@article{drineas05,
  title = {On the {N}ystr\"om method for approximating a {G}ram matrix for improved kernel-based learning},
  author = {Petros Drineas and Michael Mahoney},
  journal = {Journal of Machine Learning Research},
  volume = {6},
  year = {2005}}

@inproceedings{musco17,
  title = {Recursive sampling for the {N}ystr\"om method},
  author = {Cameron Musco and Christopher Musco},
  year = {2017},
  booktitle = {Advances in Neural Information Processing Systems}}

@inproceedings{agrawal19,
  author = {Raj Agrawal and Trevor Campbell and Jonathan Huggins and Tamara Broderick},
  year = {2019},
  title = {Data-dependent compression of random features for large-scale kernel approximation},
  booktitle = {International Conference on Artificial Intelligence and Statistics}}

@inproceedings{fma_dataset,
  title = {{FMA}: A Dataset for Music Analysis},
  author = {Defferrard, Micha\"el and Benzi, Kirell and Vandergheynst, Pierre and Bresson, Xavier},
  booktitle = {18th International Society for Music Information Retrieval Conference},
  year = {2017},
  url = {https://arxiv.org/abs/1612.01840},
}

@inproceedings{dumouchel99,
  author = {William {D}u{M}ouchel and Chris Volinsky and Theodore Johnson and Corinna Cortes and Daryl Pregibon},
  title = {Squashing flat files flatter},
  year = {1999},
  booktitle = {ACM Conference on Knowledge Discovery and Data Mining}}

@InProceedings{ranganath14,
	title = 	 {{Black Box Variational Inference}},
	author = 	 {Rajesh Ranganath and Sean Gerrish and David Blei},
	booktitle = 	 {International Conference on Artificial Intelligence and Statistics},
	year = 	 {2014}
}

@incollection{neal11,
  author = {Radford Neal},
  title = {{MCMC} using {H}amiltonian dynamics},
  booktitle = {Handbook of {M}arkov chain {M}onte {C}arlo},
  year = {2011},
  editor = {Steve Brooks and Andrew Gelman and Galin Jones and Xiao-Li Meng},
  publisher = {CRC Press},
  chapter = {5}}

@book{robert05,
	author = {Robert, Christian P. and Casella, George},
	title = {Monte {C}arlo Statistical Methods (Springer Texts in Statistics)},
	year = {2005},
	isbn = {0387212396},
	publisher = {Springer-Verlag},
	address = {Berlin, Heidelberg}
}

@book{gelman04,
	author = {Gelman, Andrew and Carlin, John B. and Stern, Hal S. and Rubin, Donald B.},
	edition = {2nd ed.},
	publisher = {Chapman and Hall/CRC},
	title = {Bayesian Data Analysis},
	year = {2013}
}

@article{upadhyay14,
	author    = {Jalaj Upadhyay},
	title     = {Circulant Matrices and Differential Privacy},
	journal   = {CoRR},
	volume    = {abs/1410.2470},
	year      = {2014},
	url       = {http://arxiv.org/abs/1410.2470},
}

@INPROCEEDINGS{blocki12,
	author={J. {Blocki} and A. {Blum} and A. {Datta} and O. {Sheffet}},
    booktitle={2012 IEEE 53rd Annual Symposium on Foundations of Computer Science},
    title={The {J}ohnson-{L}indenstrauss Transform Itself Preserves Differential Privacy},
    year={2012},
    pages={410-419},
	}

@inproceedings{ourdata,
	author = {Dwork, Cynthia and Kenthapadi, Krishnaram and McSherry, Frank and Mironov, Ilya and Naor, Moni},
	title = {Our Data, Ourselves: Privacy via Distributed Noise Generation},
	year = {2006},
	booktitle = {International Conference on The Theory and Applications of Cryptographic Techniques}
}

@inproceedings{bassily14,
	author = {Bassily, Raef and Smith, Adam and Thakurta, Abhradeep},
	title = {Private Empirical Risk Minimization: Efficient Algorithms and Tight Error Bounds},
	year = {2014},
	booktitle = {IEEE Annual Symposium on Foundations of Computer Science}
}

@INPROCEEDINGS{song13,
	author={S. {Song} and K. {Chaudhuri} and A. D. {Sarwate}},
	booktitle={IEEE Global Conference on Signal and Information Processing},
	title={Stochastic gradient descent with differentially private updates},
	year={2013}}

@incollection{sarpatwar19,
	title = {Differentially Private Distributed Data Summarization under Covariate Shift},
	author = {Sarpatwar, Kanthi and Shanmugam, Karthikeyan and Ganapavarapu, Venkata Sitaramagiridharganesh and Jagmohan, Ashish and Vaculin, Roman},
	booktitle = {Advances in Neural Information Processing Systems 32},
	editor = {H. Wallach and H. Larochelle and A. Beygelzimer and F. d\textquotesingle Alch\'{e}-Buc and E. Fox and R. Garnett},
	year = {2019},
}

@misc{koskela19,
	title={Computing Tight Differential Privacy Guarantees Using {FFT}},
	author={Antti Koskela and Joonas J{\"a}lk{\"o} and Antti Honkela},
	year={2019},
	eprint={1906.03049},
	archivePrefix={arXiv},
	primaryClass={stat.ML}
}

@InProceedings{wang19,
	title = 	 {Subsampled {R}{\'e}nyi Differential Privacy and Analytical Moments Accountant},
	author = 	 {Wang, Yu-Xiang and Balle, Borja and Kasiviswanathan, Shiva Prasad},
	booktitle = 	 {International Conference on Artificial Intelligence and Statistics},
	year = 	 {2019}
}

@misc{xie18,
	title={Differentially Private Generative Adversarial Network},
	author={Liyang Xie and Kaixiang Lin and Shu Wang and Fei Wang and Jiayu Zhou},
	year={2018},
	eprint={1802.06739},
	archivePrefix={arXiv},
	primaryClass={cs.LG}
}

@inproceedings{yoon18,
	title={{PATE}-{GAN}: Generating Synthetic Data with Differential Privacy Guarantees},
	author={Jinsung Yoon and James Jordon and Mihaela van der Schaar},
	booktitle={International Conference on Learning Representations},
	year={2019},
	url={https://openreview.net/forum?id=S1zk9iRqF7},
}

@inproceedings{feldman17,
	author = {Feldman, Dan and Xiang, Chongyuan and Zhu, Ruihao and Rus, Daniela},
    title = {Coresets for Differentially Private k-Means Clustering and Applications to Privacy in Mobile Sensor Networks},
	year = {2017},
	booktitle = {International Conference on Information Processing in Sensor Networks}
}

@inproceedings{feldman09,
	author = {Feldman, Dan and Fiat, Amos and Kaplan, Haim and Nissim, Kobbi},
	title = {Private Coresets},
	booktitle = {ACM Symposium on Theory of Computing},
	year = {2009}
}

@Article{kenthapadi13,
	author = {Kenthapadi, Krishnaram and Korolova, Aleksandra and Mironov, Ilya and Mishra, Nina},
	title = {Privacy via the Johnson-Lindenstrauss Transform},
    year = {2013},
	journal = {Journal of Privacy and Confidentiality},
    volume = {5},
	number = {1},
}

@INPROCEEDINGS{schellekens19,
	author={V. {Schellekens} and A. {Chatalic} and F. {Houssiau} and Y. -. d. {Montjoye} and L. {Jacques} and R. {Gribonval}},
	booktitle={ICASSP 2019 - 2019 IEEE International Conference on Acoustics, Speech and Signal Processing (ICASSP)},
	title={Differentially Private Compressive K-means},
	year={2019},
}

@incollection{bernstein18,
	title = {Differentially Private {B}ayesian Inference for Exponential Families},
	author = {Bernstein, Garrett and Sheldon, Daniel R},
	booktitle = {Advances in Neural Information Processing Systems 31},
	year = {2018},
}


@inproceedings{jalko17,
	title = {Differentially Private Variational Inference for Non-conjugate Models},
	author = {Joonas J{\"a}lk{\"o} and Onur Dikmen and Antti Honkela},
	year = {2017},
	booktitle = {Uncertainty in Artificial Intelligence}
}

@article{park16,
	author    = {Mijung Park and
	James R. Foulds and
	Kamalika Chaudhuri and
	Max Welling},
	title     = {Variational {B}ayes In Private Settings {(VIPS)}},
	journal   = {J. Artif. Intell. Res.},
	volume    = {68},
	year      = {2020},
}

@incollection{heikkila19,
	title = {Differentially Private {M}arkov Chain {M}onte {C}arlo},
	author = {Heikkil\"{a}, Mikko and J\"{a}lk\"{o}, Joonas and Dikmen, Onur and Honkela, Antti},
	booktitle = {Advances in Neural Information Processing Systems 32},
	editor = {H. Wallach and H. Larochelle and A. Beygelzimer and F. d\textquotesingle Alch\'{e}-Buc and E. Fox and R. Garnett},
	pages = {4115--4125},
	year = {2019},
	publisher = {Curran Associates, Inc.},
}

@InProceedings{li19,
	title = 	 {On Connecting Stochastic Gradient MCMC and Differential Privacy},
	author = 	 {Li, Bai and Chen, Changyou and Liu, Hao and Carin, Lawrence},
	booktitle = 	 {Proceedings of Machine Learning Research},
	pages = 	 {557--566},
	year = 	 {2019},
	editor = 	 {Chaudhuri, Kamalika and Sugiyama, Masashi},
	volume = 	 {89},
}

@InProceedings{wang15,
	title = 	 {Privacy for Free: Posterior Sampling and Stochastic Gradient {M}onte {C}arlo},
	author = 	 {Yu-Xiang Wang and Stephen Fienberg and Alex Smola},
	booktitle = 	 {Proceedings of the 32nd International Conference on Machine Learning},
	year = 	 {2015},
}


@InProceedings{dimitrakakis14,
	author={Dimitrakakis, Christos and Nelson, Blaine and Mitrokotsa, Aikaterini and Rubinstein, Benjamin I. P.},
	title={Robust and Private {B}ayesian Inference},
	booktitle={Algorithmic Learning Theory},
	year={2014},
	publisher={Springer International Publishing},
	pages={291--305},
}


@article{wainwright08,
	author = {Wainwright, Martin J. and Jordan, Michael I.},
	title = {Graphical Models, Exponential Families, and Variational Inference},
	journal = {Found. Trends Mach. Learn.},
	issue_date = {January 2008},
	volume = {1},
	number = {1-2},
	month = jan,
	year = {2008},
	pages = {1--305},
	numpages = {305},
	publisher = {Now Publishers Inc.},
	address = {Hanover, MA, USA},
}

@article{hoffman14,
	author = {Hoffman, Matthew D. and Gelman, Andrew},
	title = {The {N}o-{U}-{T}urn Sampler: Adaptively Setting Path Lengths in {H}amiltonian {M}onte {C}arlo},
	journal = {Journal of Machine Learning Research},
	volume = {15},
	number = {1},
	year = {2014},
	pages = {1593--1623}
}

@MISC{matrix_cookbook,
	author       = {K. B. Petersen and M. S. Pedersen},
	title        = {The Matrix Cookbook},
	year         = {2012},
	month        = {nov}
}

@article{blei17,
	author = {David M. Blei and Alp Kucukelbir and Jon D. McAuliffe},
	title = {Variational Inference: {A} Review for Statisticians},
	journal = {Journal of the American Statistical Association},
	volume = {112},
	number = {518},
	pages = {859-877},
	year  = {2017},
	publisher = {Taylor & Francis},
}

@InProceedings{matthews16,
	title = 	 {On Sparse Variational Methods and the {K}ullback-{L}eibler Divergence between Stochastic Processes},
	author = 	 {Alexander Matthews and James Hensman and Richard Turner and Zoubin Ghahramani},
	booktitle = 	 {Proceedings of the 19th International Conference on Artificial Intelligence and Statistics},
	year = 	 {2016},
	volume = 	 {51},
	series = 	 {Proceedings of Machine Learning Research},
	month = 	 {09--11 May},
	publisher = 	 {PMLR},
}

@InProceedings{titsias09,
	title = 	 {Variational Learning of Inducing Variables in Sparse {G}aussian Processes},
	author = 	 {Michalis Titsias},
	booktitle = 	 {International Conference on Artificial Intelligence and Statistics},
	year = 	 {2009}
}

@inproceedings{snelson06,
	title={Sparse {G}aussian processes using pseudo-inputs},
	author={Snelson, Edward and Ghahramani, Zoubin},
	booktitle={Advances in neural information processing systems},
	pages={1257--1264},
	year={2006}
}

@inproceedings{campbell19neurips,
title = {Sparse Variational Inference: {B}ayesian Coresets from Scratch},
author = {Campbell, Trevor and Beronov, Boyan},
booktitle = {Advances in Neural Information Processing Systems},
year = {2019}
}

@article{campbell19jmlr,
	author    = {Trevor Campbell and
	Tamara Broderick},
	title     = {Automated Scalable {B}ayesian Inference via {H}ilbert Coresets},
	journal   = {Journal of Machine Learning Research},
	volume    = {20},
        number = {15},
	year      = {2019}
}

@inproceedings{campbell18,
	author    = {Trevor Campbell and Tamara Broderick},
	title     = {Bayesian Coreset Construction via {G}reedy {I}terative {G}eodesic {A}scent},
	booktitle = {International Conference on Machine Learning},
	year      = {2018}
}

@inproceedings{huggins16,
	title = {Coresets for Scalable {B}ayesian Logistic Regression},
	author = {Huggins, Jonathan and Campbell, Trevor and Broderick, Tamara},
	booktitle = {Advances in Neural Information Processing Systems},
	year = {2016}
}

@INPROCEEDINGS{dwork10,
	author={C. {Dwork} and G. N. {Rothblum} and S. {Vadhan}},
	booktitle={2010 IEEE 51st Annual Symposium on Foundations of Computer Science},
	title={Boosting and Differential Privacy},
	year={2010},
	pages={51-60},
}

@inproceedings{abadi16,
	author = {Abadi, Martin and Chu, Andy and Goodfellow, Ian and McMahan, H. Brendan and Mironov, Ilya and Talwar, Kunal and Zhang, Li},
	title = {Deep Learning with Differential Privacy},
	booktitle = {ACM SIGSAC Conference on Computer and Communications Security},
	year = {2016}
}

@article{warner65,
  Author = {Warner, Stanley L.},
  Title = {Randomized response: A survey technique for eliminating evasive answer bias},
  Journal = {Journal of the American Statistical Association},
  Volume = {60},
  Year = {1965},
  Pages = {63--69},
}

@article{dwork14,
	title={The algorithmic foundations of differential privacy},
	author={Dwork, Cynthia and Roth, Aaron},
	journal={Foundations and Trends in Theoretical Computer Science},
	volume={9},
	number={3--4},
	year={2014},
	publisher={Now Publishers, Inc.}
}

@article{kasiviswanathan11,
	title={What can we learn privately?},
	author={Kasiviswanathan, Shiva Prasad and Lee, Homin K and Nissim, Kobbi and Raskhodnikova, Sofya and Smith, Adam},
	journal={SIAM Journal on Computing},
	volume={40},
	number={3},
	pages={793--826},
	year={2011},
	publisher={SIAM}
}

@inproceedings{duchi13,
	author = {Duchi, John C. and Jordan, Michael I. and Wainwright, Martin J.},
	title = {Local Privacy and Statistical Minimax Rates},
	booktitle = {Proceedings of the 2013 IEEE 54th Annual Symposium on Foundations of Computer Science},
	year = {2013},
	pages = {429--438},
	numpages = {10},
	publisher = {IEEE Computer Society},
}

@incollection{williams10,
	title = {Probabilistic Inference and Differential Privacy},
	author = {Oliver Williams and Frank Mcsherry},
	booktitle = {Advances in Neural Information Processing Systems 23},
	editor = {J. D. Lafferty and C. K. I. Williams and J. Shawe-Taylor and R. S. Zemel and A. Culotta},
	pages = {2451--2459},
	year = {2010},
	publisher = {Curran Associates, Inc.},
	url = {http://papers.nips.cc/paper/3897-probabilistic-inference-and-differential-privacy.pdf}
}

@InProceedings{schein19,
	title = 	 {Locally Private {B}ayesian Inference for Count Models},
	author = 	 {Schein, Aaron and Wu, Zhiwei Steven and Schofield, Alexandra and Zhou, Mingyuan and Wallach, Hanna},
	booktitle = 	 {Proceedings of the 36th International Conference on Machine Learning},
	year = 	 {2019},
	editor = 	 {Chaudhuri, Kamalika and Salakhutdinov, Ruslan},
}

@inproceedings{mironov17,
	author    = {Ilya Mironov},
	title     = {R{\'{e}}nyi Differential Privacy},
	booktitle = {30th {IEEE} Computer Security Foundations Symposium, {CSF} },
	pages     = {263--275},
	year      = {2017},
}

@InProceedings{mcsherry07,
	author = {McSherry, Frank and Talwar, Kunal},
	title = {Mechanism Design via Differential Privacy},
	booktitle = {Annual IEEE Symposium on Foundations of Computer Science (FOCS)},
	year = {2007},
}

@incollection{minami16,
	title = {Differential Privacy without Sensitivity},
	author = {Minami, Kentaro and Arai, HItomi and Sato, Issei and Nakagawa, Hiroshi},
	booktitle = {Advances in Neural Information Processing Systems 29},
	year = {2016},
	publisher = {Curran Associates, Inc.},
}

% ------------------------------------------------------------------------
% Chapter 5
% ------------------------------------------------------------------------


@article{dickens20,
	title={Interpretable Anomaly Detection with {M}ondrian {P}\'{o}lya Forests on Data Streams},
	author={Dickens, Charlie and Meissner, Eric and Moreno, Pablo G and Diethe, Tom},
	journal={arXiv preprint},
	year={2020}
}

@article{shapley53,
	title={A {V}alue for n-{P}erson {G}ames},
	author={Shapley, Lloyd S},
	journal={Contributions to the Theory of Games},
	volume={2},
	number={28},
	year={1953}
}

@inproceedings{vahidian20,
	title={Coresets for Estimating Means and Mean Square Error with Limited Greedy Samples},
	author={Vahidian, Saeed and Mirzasoleiman, Baharan and Cloninger, Alexander},
    booktitle={Proceedings of the 36th Conference on Uncertainty in Artificial Intelligence},
	year      = {2020},
}

@article{angelino16,
	author    = {Elaine Angelino and
	Matthew James Johnson and
	Ryan P. Adams},
	title     = {Patterns of Scalable {B}ayesian Inference},
	journal   = {Found. Trends Mach. Learn.},
	year      = {2016},
}

@inproceedings{welling11,
	title={Bayesian learning via stochastic gradient {L}angevin dynamics},
	author={Welling, Max and Teh, Yee W},
	booktitle={Proceedings of the 28th international conference on machine learning},
	year={2011}
}

@inproceedings{definetti61,
	title={The {B}ayesian approach to the rejection of outliers},
	author={de Finetti, Bruno},
	booktitle={Proceedings of the fourth Berkeley Symposium on Probability and Statistics},
	year={1961},
}

@article{wang18,
	title={A general method for robust {B}ayesian modeling},
	author={Wang, Chong and Blei, David M},
	journal={Bayesian Analysis},
	year={2018},
}

@InProceedings{newspopularity,
	author={Fernandes, Kelwin
	and Vinagre, Pedro
	and Cortez, Paulo},
	title={A Proactive Intelligent Decision Support System for Predicting the Popularity of Online News},
	booktitle={Progress in Artificial Intelligence},
	year={2015},
}

@article{ranking,
	author    = {Tao Qin and
	Tie{-}Yan Liu},
	title     = {Introducing {LETOR} 4.0 Datasets},
	journal   = {CoRR},
	volume    = {abs/1306.2597},
	year      = {2013},
	url       = {http://arxiv.org/abs/1306.2597},
}

@misc{uci,
	author = {Dua, Dheeru and Graff, Casey},
	year = {2017},
	title = {{UCI} Machine Learning Repository},
	institution = {University of California, Irvine, School of Information and Computer Sciences} }


@inproceedings{adult,
	title={Scaling up the accuracy of naive-{B}ayes classifiers: {A} decision-tree hybrid.},
	author={Kohavi, Ron},
	booktitle = {Proceedings of the Second International Conference on Knowledge Discovery and Data Mining },
	year={1996}
}

@INPROCEEDINGS{webspam,
	author={D. {Wang} and D. {Irani} and C. {Pu}},
	booktitle={8th International Conference on Collaborative Computing: Networking, Applications and Worksharing },
	title={Evolutionary study of web spam: {W}ebb {S}pam {C}orpus 2011 versus {W}ebb {S}pam {C}orpus 2006},
	year={2012}}

@book{mackay03,
	author =  {David J. C. MacKay},
	title = 	{Information Theory, Inference, and Learning Algorithms},
	publisher={Cambridge University Press},
	year =	 {2003}
}

@book{insua12,
	title={Robust {B}ayesian Analysis},
	author={Ríos Insúa, David  and Ruggeri, Fabrizio},
	volume={152},
	year={2012},
	publisher={Springer Science \& Business Media}
}

@book{huber09,
	author        = {Huber, Peter J and Ronchetti, Elvezio M},
	title         = {Robust statistics; 2nd ed.},
	series        = {Wiley Series in Probability and Statistics},
	year          = {2009},
}

@inproceedings{whitehill09,
	title={Whose vote should count more: Optimal integration of labels from labelers of unknown expertise},
	author={Whitehill, Jacob and Wu, Ting-Fang and Bergsma, Jacob and Movellan, Javier R and Ruvolo, Paul L},
	booktitle={Advances in neural information processing systems},
	year={2009}
}

@article{lewis04,
	author = {Lewis, David D. and Yang, Yiming and Rose, Tony G. and Li, Fan},
	title = {{R}{C}{V}1: {A} New Benchmark Collection for Text Categorization Research},
	year = {2004},
	volume = {5},
	journal = {Journal of Machine Learning Research},
	pages = {361--397},
	numpages = {37}
}


@article{berger94,
	title = {An overview of robust {Bayesian} analysis},
	volume = {3},
	number = {1},
	journal = {Test},
	author = {Berger, James O. and Moreno, Elías and Pericchi, Luis Raul and Bayarri, M. Jesús and Bernardo, José M. and Cano, Juan A. and De la Horra, Julián and Martín, Jacinto and Ríos Insúa, David and Betrò, Bruno and Dasgupta, A. and Gustafson, Paul and Wasserman, Larry and Kadane, Joseph B. and Srinivasan, Cid and Lavine, Michael and O’Hagan, Anthony and Polasek, Wolfgang and Robert, Christian P. and Goutis, Constantinos and Ruggeri, Fabrizio and Salinetti, Gabriella and Sivaganesan, Siva},
	year = {1994},
	pages = {5--124}
}

@article{diabetes,
	title={Impact of {H}b{A}1c measurement on hospital readmission rates: analysis of $70,000$ clinical database patient records},
	author={Strack, Beata and DeShazo, Jonathan P and Gennings, Chris and Olmo, Juan L and Ventura, Sebastian and Cios, Krzysztof J and Clore, John N},
	journal={BioMed research international},
	year={2014},
	publisher={Hindawi}
}

@article{frenay13,
	title={Classification in the presence of label noise: a survey},
	author={Fr{\'e}nay, Beno{\^{i}}t and Verleysen, Michel},
	journal={IEEE transactions on neural networks and learning systems},
	volume={25},
	number={5},
	year={2013},
}

@incollection{pinsler19,
	title = {Bayesian Batch Active Learning as Sparse Subset Approximation},
	author = {Pinsler, Robert and Gordon, Jonathan and Nalisnick, Eric and Hern\'{a}ndez-Lobato, Jos\'{e} Miguel},
	booktitle = {Advances in Neural Information Processing Systems},
	year = {2019},
}

@InProceedings{snoek15,
	title = 	 {Scalable {B}ayesian Optimization Using Deep Neural Networks},
	author = 	 {Jasper Snoek and Oren Rippel and Kevin Swersky and Ryan Kiros and Nadathur Satish and Narayanan Sundaram and Mostofa Patwary and Mr Prabhat and Ryan Adams},
	booktitle = 	 {Proceedings of the 32nd International Conference on Machine Learning},
	year = 	 {2015},
}

@inproceedings{riquelme18,
	author    = {Carlos Riquelme and
	George Tucker and
	Jasper Snoek},
	title     = {Deep {B}ayesian Bandits Showdown: {A}n Empirical Comparison of {B}ayesian
	Deep Networks for Thompson Sampling},
	booktitle = {6th International Conference on Learning Representations},
	year      = {2018},
}

@incollection{liu12,
	title = {Variational Inference for Crowdsourcing},
	author = {Liu, Qiang and Peng, Jian and Ihler, Alexander T},
	booktitle = {Advances in Neural Information Processing Systems},
	year = {2012},
}

@article{zhang16,
	title={Spectral methods meet {EM}: A provably optimal algorithm for crowdsourcing},
	author={Zhang, Yuchen and Chen, Xi and Zhou, Dengyong and Jordan, Michael I},
	journal={The Journal of Machine Learning Research},
	volume={17},
	number={1},
	pages={3537--3580},
	year={2016},
	publisher={JMLR. org}
}

@article{raykar10,
	title={Learning from crowds.},
	author={Raykar, Vikas C and Yu, Shipeng and Zhao, Linda H and Valadez, Gerardo Hermosillo and Florin, Charles and Bogoni, Luca and Moy, Linda},
	journal={Journal of Machine Learning Research},
	volume={11},
	number={4},
	year={2010}
}

@inproceedings{sheng08,
	author = {Sheng, Victor S. and Provost, Foster and Ipeirotis, Panagiotis G.},
	title = {Get Another Label? {I}mproving Data Quality and Data Mining Using Multiple, Noisy Labelers},
	year = {2008},
	booktitle = {Proceedings of the 14th ACM International Conference on Knowledge Discovery and Data Mining}
}

@inproceedings{karger11,
	title={Iterative learning for reliable crowdsourcing systems},
	author={Karger, David R and Oh, Sewoong and Shah, Devavrat},
	booktitle={Advances in Neural Information Processing Systems},
	year={2011}
}

@inproceedings{zheng08,
	title={Transferring Multi-device Localization Models using Latent Multi-task Learning.},
	author={Zheng, Vincent Wenchen and Pan, Sinno Jialin and Yang, Qiang and Pan, Jeffrey Junfeng},
	booktitle={Proceedings of the Twenty-Third {AAAI} Conference on Artificial Intelligence},
	year={2008}
}


@inproceedings{zhuang15,
	author = {Zhuang, Honglei and Parameswaran, Aditya and Roth, Dan and Han, Jiawei},
	title = {Debiasing Crowdsourced Batches},
	year = {2015},
	booktitle = {Proceedings of the 21th ACM International Conference on Knowledge Discovery and Data Mining},
}

@inproceedings{biggio12,
	author = {Biggio, Battista and Nelson, Blaine and Laskov, Pavel},
	title = {Poisoning Attacks against {S}upport {V}ector {M}achines},
	year = {2012},
	booktitle = {Proceedings of the 29th International Coference on International Conference on Machine Learning},
}

@inproceedings{steinhardt17,
	title={Certified defenses for data poisoning attacks},
	author={Steinhardt, Jacob and Koh, Pang Wei W and Liang, Percy S},
	booktitle={Advances in Neural Information Processing Systems},
	year={2017}
}

@InProceedings{koh17,
	title = 	 {Understanding Black-box Predictions via Influence Functions},
	author = 	 {Pang Wei Koh and Percy Liang},
	booktitle = 	 {Proceedings of the 34th International Conference on Machine Learning},
	year = 	 {2017},
}

@article{paschou10,
	title={Ancestry informative markers for fine-scale individual assignment to worldwide populations},
	author={Paschou, Peristera and Lewis, Jamey and Javed, Asif and Drineas, Petros},
	journal={Journal of Medical Genetics},
	year={2010},
}

@inproceedings{li16,
	title={Data poisoning attacks on factorization-based collaborative filtering},
	author={Li, Bo and Wang, Yining and Singh, Aarti and Vorobeychik, Yevgeniy},
	booktitle={Advances in neural information processing systems},
	year={2016}
}

@article{barreno10,
	title={The security of machine learning},
	author={Barreno, Marco and Nelson, Blaine and Joseph, Anthony D and Tygar, J Doug},
	journal={Machine Learning},
	year={2010},
}

@InProceedings{diakonikolas19,
	title = 	 {Sever: A Robust Meta-Algorithm for Stochastic Optimization},
	author = 	 {Diakonikolas, Ilias and Kamath, Gautam and Kane, Daniel and Li, Jerry and Steinhardt, Jacob and Stewart, Alistair},
	booktitle = 	 {Proceedings of the 36th International Conference on Machine Learning},
	year = 	 {2019}
}

@InProceedings{ghorbani19,
	title = 	 {Data Shapley: Equitable Valuation of Data for Machine Learning},
	author = 	 {Ghorbani, Amirata and Zou, James},
	booktitle = 	 {Proceedings of the 36th International Conference on Machine Learning},
	year = 	 {2019}
}

@inproceedings{agarwal19,
	author = {Agarwal, Anish and Dahleh, Munther and Sarkar, Tuhin},
	title = {A Marketplace for Data: An Algorithmic Solution},
	year = {2019},
	booktitle = {Proceedings of the 2019 ACM Conference on Economics and Computation},
}

@article{movielens,
	title={The movielens datasets: {H}istory and context},
	author={Harper, F Maxwell and Konstan, Joseph A},
	journal={Acm transactions on interactive intelligent systems (tiis)},
	volume={5},
	number={4},
	pages={1--19},
	year={2015},
	publisher={ACM New York, NY, USA}
}

@inproceedings{gopalan15,
	title={Scalable Recommendation with Hierarchical {P}oisson Factorization.},
	author={Gopalan, Prem and Hofman, Jake M and Blei, David M},
	booktitle={UAI},
	year={2015}
}

@article{eguchi01,
	title	= {Robustifying maximum likelihood estimation},
	author	= {Eguchi, S. and Kano, Y.},
	journal	= {Tokyo Institute of Statistical Mathematics, Tokyo, Japan, Tech. Rep},
	year	= {2001}
}

@inproceedings{samek13,
	title={Robust spatial filtering with beta divergence},
	author={Samek, Wojciech and Blythe, Duncan and M{\"u}ller, Klaus-Robert and Kawanabe, Motoaki},
	booktitle={Advances in Neural Information Processing Systems},
	year={2013}
}

@article{fujisawa08,
	author = {Fujisawa, Hironori and Eguchi, Shinto},
	title = {Robust Parameter Estimation with a Small Bias against Heavy Contamination},
	year = {2008},
	journal = {J. Multivar. Anal.},
	pages = {2053--2081},
}

@article{ghosh16,
	title={Robust {B}ayes estimation using the density power divergence},
	author={Ghosh, Abhik and Basu, Ayanendranath},
	journal={Annals of the Institute of Statistical Mathematics},
	volume={68},
	number={2},
	pages={413--437},
	year={2016},
	publisher={Springer}
}

@article{tsallis88,
	title={Possible generalization of {B}oltzmann-{G}ibbs statistics},
	author={Tsallis, Constantino},
	journal={Journal of statistical physics},
	volume={52},
	number={1-2},
	pages={479--487},
	year={1988},
	publisher={Springer}
}

@article{dawid16,
	title={Minimum scoring rule inference},
	author={Dawid, A Philip and Musio, Monica and Ventura, Laura},
	journal={Scandinavian Journal of Statistics},
	volume={43},
	number={1},
	pages={123--138},
	year={2016},
	publisher={Wiley Online Library}
}

@article{jewson18,
	title={Principles of {B}ayesian inference using general divergence criteria},
	author={Jewson, Jack and Smith, Jim Q and Holmes, Chris},
	journal={Entropy},
	volume={20},
	number={6},
	pages={442},
	year={2018},
	publisher={Multidisciplinary Digital Publishing Institute}
}

@article{cichocki10,
	author    = {Andrzej Cichocki and
	Shun{-}ichi Amari},
	title     = {Families of Alpha- Beta- and Gamma- Divergences: Flexible and Robust
	Measures of Similarities},
	journal   = {Entropy},
	volume    = {12},
	number    = {6},
	pages     = {1532--1568},
	year      = {2010},
}

@article{zellner88,
	author = {Arnold Zellner},
	journal = {The American Statistician},
	number = {4},
	pages = {278--280},
	title = {Optimal Information Processing and {B}ayes's Theorem},
	volume = {42},
	year = {1988}
}

@article{basu98,
	author = {Basu, Ayanendranath and Harris, Ian R. and Hjort, Nils L. and Jones, M. C.},
	title = "{Robust and efficient estimation by minimising a density power divergence}",
	journal = {Biometrika},
	volume = {85},
	number = {3},
	pages = {549-559},
	year = {1998},
	month = {09},
}

@InProceedings{futami18,
	title = 	 {Variational Inference based on Robust Divergences},
	author = 	 {Futoshi Futami and Issei Sato and Masashi Sugiyama},
	booktitle = 	 {Proceedings of the Twenty-First International Conference on Artificial Intelligence and Statistics},
	year = 	 {2018},
}

@inproceedings{wang17,
	author = {Wang, Yixin and Kucukelbir, Alp and Blei, David M.},
	title = {Robust Probabilistic Modeling with {B}ayesian Data Reweighting},
	year = {2017},
	booktitle = {Proceedings of the 34th International Conference on Machine Learning},
}


@incollection{knoblauch18,
	title = {Doubly Robust {B}ayesian Inference for Non-Stationary Streaming Data with  $\beta$-Divergences},
	author = {Knoblauch, Jeremias and Jewson, Jack E and Damoulas, Theodoros},
	booktitle = {Advances in Neural Information Processing Systems},
	year={2018}
}

@inbook{bottou99,
	author = {Bottou, L\'{e}on},
	title = {On-Line Learning and Stochastic Approximations},
	year = {1999},
	isbn = {0521652634},
	publisher = {Cambridge University Press},
	address = {USA},
	booktitle = {On-Line Learning in Neural Networks},
	pages = {9–42},
	numpages = {34}
}

@article{jacob17,
  author = {Pierre Jacob and John O'Leary and Yves Atchad\'e},
  title = {Unbiased {M}arkov chain {M}onte {C}arlo with couplings},
  year = {2017},
  journal = {arXiv:1708.03625}}

@inproceedings{gupta10,
	author = {Gupta, Anupam and Ligett, Katrina and McSherry, Frank and Roth, Aaron and Talwar, Kunal},
	title = {Differentially Private Combinatorial Optimization},
	year = {2010},
	publisher = {Society for Industrial and Applied Mathematics},
	address = {USA},
	booktitle = {Proceedings of the Twenty-First Annual ACM-SIAM Symposium on Discrete Algorithms},
	location = {Austin, Texas},
}

@inproceedings{zhou08,
  author = {Shuheng Zhou and John Lafferty and Larry Wasserman},
  year = {2008},
  title = {Compressed regression},
  booktitle = {Advances in Neural Information Processing Systems}}


@inproceedings{feldman16,
    author = {Dan Feldman and Mikhail Volkov and Daniela Rus},
    year = {2016},
    title = {Dimensionality reduction of massive sparse datasets using coresets},
    booktitle = {Advances in Neural Information Processing Systems}
}

@inproceedings{feldman11,
author = {Feldman, Dan and Faulkner, Matthew and Krause, A.},
title = {{Scalable training of mixture models via coresets}},
booktitle = {Advances in Neural Information Processing Systems},
year = {2011},
}

@article{madigan02,
  author = {David Madigan and Nandini Raghavan and William {D}u{M}ouchel},
  title = {Likelihood-based data squashing: a modeling approach to instance construction},
  year = {2002},
  journal = {Data Mining and Knowledge Discovery},
  volume = {6}}


@inproceedings{betancourt15,
	author = {Betancourt, Michael},
	title = {The Fundamental Incompatibility of Scalable {H}amiltonian {M}onte {C}arlo and Naive Data Subsampling},
	year = {2015},
	booktitle = {Proceedings of the 32nd International Conference on International Conference on Machine Learning},
}


@article{kucukelbir17,
	author = {Kucukelbir, Alp and Tran, Dustin and Ranganath, Rajesh and Gelman, Andrew and Blei, David M.},
	title = {Automatic Differentiation Variational Inference},
	year = {2017},
	volume = {18},
	number = {14},
	journal = {Journal of Machine Learning Research}
}


@article{jordan99,
	author = {Jordan, Michael I. and Ghahramani, Zoubin and Jaakkola, Tommi S. and Saul, Lawrence K.},
	title = {An Introduction to Variational Methods for Graphical Models},
	journal = {Mach. Learn.},
	issue_date = {Nov.1.1999},
	volume = {37},
	number = {2},
	month = nov,
	year = {1999},
	pages = {183--233},
	numpages = {51},
}


@incollection{huber92,
	title={Robust estimation of a location parameter},
	author={Huber, Peter J},
	booktitle={Breakthroughs in statistics},
	pages={492--518},
	year={1992},
	publisher={Springer}
}

@inproceedings{wei17,
	title={Estimation of the covariance structure of heavy-tailed distributions},
	author={Wei, Xiaohan and Minsker, Stanislav},
	booktitle={Advances in Neural Information Processing Systems},
	year={2017}
}

@article{chen18,
	title={Robust covariance and scatter matrix estimation under {H}uber’s contamination model},
	author={Chen, Mengjie and Gao, Chao and Ren, Zhao},
	journal={The Annals of Statistics},
	volume={46},
	number={5},
	pages={1932--1960},
	year={2018},
	publisher={Institute of Mathematical Statistics}
}

@inproceedings{lucic16outliers,
	author = {Lucic, Mario and Bachem, Olivier and Krause, Andreas},
	title = {Linear-Time Outlier Detection via Sensitivity},
	year = {2016},
	booktitle = {Proceedings of the Twenty-Fifth International Joint Conference on Artificial Intelligence},
}


% ------------------------------------------------------------------------
% Chapter 2
% ------------------------------------------------------------------------

@book{bishop06,
	title={Pattern recognition and machine learning},
	author={Bishop, Christopher M},
	year={2006},
	publisher={Springer}
}

@book{murphy12,
	title={Machine learning: a probabilistic perspective},
	author={Murphy, Kevin P},
	year={2012},
	publisher={MIT press}
}

@book{scholkopf02,
	title={Learning with kernels: support vector machines, regularization, optimization, and beyond},
	author={Sch{\"o}lkopf, Bernhard and Smola, Alexander J and Bach, Francis and others},
	year={2002},
	publisher={MIT press}
}

@inproceedings{rahimi08,
	title={Random features for large-scale kernel machines},
	author={Rahimi, Ali and Recht, Benjamin},
	booktitle={Advances in neural information processing systems},
	year={2008}
}

@article{jordan99,
	title={An introduction to variational methods for graphical models},
	author={Jordan, Michael I and Ghahramani, Zoubin and Jaakkola, Tommi S and Saul, Lawrence K},
	journal={Machine learning},
	volume={37},
	number={2},
	pages={183--233},
	year={1999},
	publisher={Springer}
}

